@article{autor2016china,
  title={The china shock: Learning from labor-market adjustment to large changes in trade},
  author={Autor, David H and Dorn, David and Hanson, Gordon H},
  journal={Annual Review of Economics},
  volume={8},
  pages={205--240},
  year={2016},
  publisher={Annual Reviews}
}

@Manual{a,
    title = {cluster: Cluster Analysis Basics and Extensions},
    author = {Martin Maechler and Peter Rousseeuw and Anja Struyf and Mia Hubert and Kurt Hornik},
    year = {2017},
    note = {R package version 2.0.6 --- For new features, see the 'Changelog' file (in the package source)},
  }
