@article{stephen2014,
title={儒家的“德性-礼-政治”模式——进步儒学视角下的政治哲学},
author={安靖如},
journal={Journal of Yantai University},
volume={27},
number={1},
pages={1--8},
year={2014}}
